Automatically generated by Mendeley Desktop 1.19.4
Any changes to this file will be lost if it is regenerated by Mendeley.

BibTeX export options can be customized via Preferences -> BibTeX in Mendeley Desktop

@misc{Pandian,
author = {Pandian, Sai},
title = {{saiduc/Random-Walk-Quantum-Physics: Using random walk Monte Carlo simulation to solve the Schrodinger Equation}},
url = {https://github.com/saiduc/Random-Walk-Quantum-Physics},
urldate = {2020-04-17},
year = {2020}
}
@techreport{MarcusNewton2020,
author = {Newton, Marcus},
title = {{Random Walks for Quantum Mechanics Project Description}},
year = {2020}
}
